@article{lewanzik2014artificial,
  title={Artificial light puts ecosystem services of frugivorous bats at risk},
  author={Lewanzik, Daniel and Voigt, Christian C},
  journal={Journal of Applied Ecology},
  volume={51},
  number={2},
  pages={388--394},
  year={2014},
  publisher={Wiley Online Library}
}
@article{SIMOES2017,
   title = {{Influence of artificial lights on the orientation of hatchlings of Eretmochelys imbricata in Pernambuco, Brazil}},
   journal = {{Zoologia (Curitiba)}},
   author={Simoes, Thyara Noely AND Silva, Arley Candido da AND Moura, Carina Carneiro de Melo},
   ISSN = {1984-4670},
   language = {en},
   URL = {http://www.scielo.br/scielo.php?script=sci_arttext&pid=S1984-46702017000100308&nrm=iso},
   volume = {34},
   year = {2017},
   month = {00},
   publisher = {scielo},
   crossref = {10.3897/zoologia.34.e13727},
   }
@article{mcfarlane1963disorientation,
  title={Disorientation of loggerhead hatchlings by artificial road lighting},
  author={McFarlane, Robert W},
  journal={Copeia},
  volume={1963},
  number={1},
  pages={153},
  year={1963}
}
@book{peterson2011ecological,
  title={Ecological niches and geographic distributions (MPB-49)},
  author={Peterson, A Townsend},
  number={49},
  year={2011},
  publisher={Princeton University Press}
}
@article{anderson2013framework,
  title={A framework for using niche models to estimate impacts of climate change on species distributions},
  author={Anderson, Robert P},
  journal={Annals of the New York Academy of Sciences},
  volume={1297},
  number={1},
  pages={8--28},
  year={2013},
  publisher={Wiley Online Library}
}
@article{tuanmu2014global,
  title={A global 1-km consensus land-cover product for biodiversity and ecosystem modelling},
  author={Tuanmu, Mao-Ning and Jetz, Walter},
  journal={Global Ecology and Biogeography},
  volume={23},
  number={9},
  pages={1031--1045},
  year={2014},
  publisher={Wiley Online Library}
}
@article{peterson2006tracking,
  title={Tracking population extirpations via melding ecological niche modeling with land-cover information},
  author={Peterson, A Townsend and Sanchez-Cordero, Victor and Mart{\'\i}nez-Meyer, Enrique and Navarro-Sig{\"u}enza, Adolfo G},
  journal={ecological modelling},
  volume={195},
  number={3},
  pages={229--236},
  year={2006},
  publisher={Elsevier}
}
@article{davies2012street,
  title={Street lighting changes the composition of invertebrate communities},
  author={Davies, Thomas W and Bennie, Jonathan and Gaston, Kevin J},
  journal={Biology letters},
  pages={rsbl20120216},
  year={2012},
  publisher={The Royal Society}
}

@article{bolton2017coastal,
  title={Coastal urban lighting has ecological consequences for multiple trophic levels under the sea},
  author={Bolton, D and Mayer-Pinto, M and Clark, GF and Dafforn, KA and Brassil, WA and Becker, A and Johnston, EL},
  journal={Science of The Total Environment},
  volume={576},
  pages={1--9},
  year={2017},
  publisher={Elsevier}
}
@article{blair1996land,
  title={Land use and avian species diversity along an urban gradient},
  author={Blair, Robert B},
  journal={Ecological applications},
  volume={6},
  number={2},
  pages={506--519},
  year={1996},
  publisher={Wiley Online Library}
}
@article{angilletta2007urban,
  title={Urban physiology: city ants possess high heat tolerance},
  author={Angilletta Jr, Michael J and Wilson, Robbie S and Niehaus, Amanda C and Sears, Michael W and Navas, Carlos A and Ribeiro, Pedro L},
  journal={PLoS One},
  volume={2},
  number={2},
  pages={e258},
  year={2007},
  publisher={Public Library of Science}
}
@article{chen2006remote,
  title={Remote sensing image-based analysis of the relationship between urban heat island and land use/cover changes},
  author={Chen, Xiao-Ling and Zhao, Hong-Mei and Li, Ping-Xiang and Yin, Zhi-Yong},
  journal={Remote sensing of environment},
  volume={104},
  number={2},
  pages={133--146},
  year={2006},
  publisher={Elsevier}
}
@article{imhoff2010remote,
  title={Remote sensing of the urban heat island effect across biomes in the continental USA},
  author={Imhoff, Marc L and Zhang, Ping and Wolfe, Robert E and Bounoua, Lahouari},
  journal={Remote sensing of environment},
  volume={114},
  number={3},
  pages={504--513},
  year={2010},
  publisher={Elsevier}
}
@article{sanderson2002human,
  title={The human footprint and the last of the wild},
  author={Sanderson, Eric W and Jaiteh, Malanding and Levy, Marc A and Redford, Kent H and Wannebo, Antoinette V and Woolmer, Gillian},
  journal={BioScience},
  volume={52},
  number={10},
  pages={891--904},
  year={2002},
  publisher={BioOne}
}
@book{marzluff2008international,
  title={An international perspective on the interactions between humans and nature},
  author={Marzluff, John M and Shulenberger, Eric and Endlicher, Wilfried and Alberti, Marina and Bradley, Gordon and Ryan, Clare and Simon, U and Ecology, ZumBrunnen C Urban},
  year={2008},
  publisher={Springer}
}
@article{oke1973city,
  title={City size and the urban heat island},
  author={Oke, Tim R},
  journal={Atmospheric Environment (1967)},
  volume={7},
  number={8},
  pages={769--779},
  year={1973},
  publisher={Elsevier}
}
